@Book{ryden2017introduction,
 author = {Ryden, Barbara},
 title = {Introduction to cosmology},
 publisher = {Cambridge University Press},
 year = {2017},
 address = {New York, NY},
 isbn = {1107154839}
 }

@book{Dodelson:1282338,
      author        = "Dodelson, Scott",
      title         = "{Modern cosmology}",
      publisher     = "Academic Press",
      address       = "San Diego, CA",
      year          = "2003",
      url           = "https://cds.cern.ch/record/1282338",
}


 @Book{schneider2006extragalactic,
 author = {Schneider, P},
 title = {Extragalactic astronomy and cosmology : an introduction},
 publisher = {Springer},
 year = {2006},
 address = {Berlin New York},
 isbn = {978-3-540-33175-9}
 }

 @Book{holmes2007introduction,
 author = {Holmes, Mark},
 title = {Introduction to numerical methods in differential equations},
 publisher = {Springer},
 year = {2007},
 address = {New York},
 isbn = {978-0387308913}
 }

 @article{PeeblesPJE1970SotC,
issn = {0004-6256},
journal = {The Astronomical journal.},
pages = {13},
volume = {75},
publisher = {American Institute of Physics},
year = {1970},
title = {Structure of the Coma Cluster of Galaxies},
address = {[Woodbury, N.Y., etc.] :},
author = {Peebles, P J E},
}

@ARTICLE{1985ApJS57241E,
       author = {{Efstathiou}, G. and {Davis}, M. and {White}, S.~D.~M. and
         {Frenk}, C.~S.},
        title = "{Numerical techniques for large cosmological N-body simulations}",
      journal = {apjs},
     keywords = {Computerized Simulation, Cosmology, Galactic Clusters, Gravitational Effects, Many Body Problem, Algorithms, Codes, Equations Of Motion, Particle Trajectories, Universe, Astrophysics},
         year = 1985,
        month = feb,
       volume = {57},
        pages = {241-260},
          doi = {10.1086/191003},
       adsurl = {https://ui.adsabs.harvard.edu/abs/1985ApJS...57..241E},
      adsnote = {Provided by the SAO/NASA Astrophysics Data System}
}

@misc{heavens2010statistical,
      title={Statistical techniques in cosmology}, 
      author={Alan Heavens},
      year={2010},
      eprint={0906.0664},
      archivePrefix={arXiv},
      primaryClass={astro-ph.CO}
}
